@book{turner:probability,
    author    = "J.C. Turner",
    title     = "Probability, statistics and operational research",
    year      = "1970",
    publisher = "The English University Press Ltd"
}

@book{kremer:probability,
    author    = "N. Kremer",
    title     = "Probability theory and mathematical statistics",
    year      = "2010",
    publisher = "Unity"
}


@book{kudryavcev:math,
    author    = "Всеволод Кудрявцев and Борис Демидович",
    title     = "Краткий курс высшей математики",
    year      = "1978",
    publisher = "Наука"
}

@book{weiss:dsaa,
    author    = "Mark Allen Weiss",
    title     = "Data Structures and Algorithm Analysis in C++",
    year      = 2006,
    publisher = "Pearson"
}

@book{stewart:calculus,
    author    = "James Stewart",
    title     = "Calculus",
    year      = "2007",
    publisher = "Brooks/Cole, Cengage Learning"}

@book{kuptsov:python,
    author    = "Dmitriy Kuptsov",
    title     = "Python in examples",
    year      = "2020",
    note      = "\url{https://github.com/dmitriykuptsov/python_in_examples/blob/master/book.pdf} (visited 2021-05-14)"}